@book{DFMS,
	author = "Di Francesco, Philippe and Mathieu, Pierre and S\'{e}n\'{e}chal, David",
	title = "{Conformal Field Theory}",
	doi = "10.1007/978-1-4612-2256-9",
	isbn = "978-0-387-94785-3, 978-1-4612-7475-9",
	publisher = "Springer-Verlag",
	address = "New York",
	series = "Graduate Texts in Contemporary Physics",
	year = "1997"
}

@incollection{FBZ,
	title={Vertex Algebras and Algebraic Curves},
	author={Edward Frenkel and David Ben-Zvi},
	booktitle={Mathematical Surverys and Monographs},
	volume={88},
	year={2004},
	publisher={American Mathematical Society}
}

@article{Zeng,
	author = "Zeng, Keyou",
	title = "{Monopole operators and bulk-boundary relation in holomorphic topological theories}",
	eprint = "2111.00955",
	archivePrefix = "arXiv",
	primaryClass = "hep-th",
	doi = "10.21468/SciPostPhys.14.6.153",
	journal = "SciPost Phys.",
	volume = "14",
	number = "6",
	pages = "153",
	year = "2023"
}

@article{descent,
      author         = "Beem, Christopher and Ben-Zvi, David and Bullimore,
                        Mathew and Dimofte, Tudor and Neitzke, Andrew",
      title          = "{Secondary products in supersymmetric field theory}",
      year           = "2018",
      eprint         = "1809.00009",
      archivePrefix  = "arXiv",
      primaryClass   = "hep-th",
      SLACcitation   = "%%CITATION = ARXIV:1809.00009;%%"
}

@article{CostelloDimofteGaiotto-boundary,
	author = "Costello, Kevin and Dimofte, Tudor and Gaiotto, Davide",
	title = "{Boundary Chiral Algebras and Holomorphic Twists}",
	eprint = "2005.00083",
	archivePrefix = "arXiv",
	primaryClass = "hep-th",
	doi = "10.1007/s00220-022-04599-0",
	journal = "Commun. Math. Phys.",
	volume = "399",
	number = "2",
	pages = "1203--1290",
	year = "2023"
}

@article{OhYagi,
	author = "Oh, Jihwan and Yagi, Junya",
	title = "{Poisson vertex algebras in supersymmetric field theories}",
	eprint = "1908.05791",
	archivePrefix = "arXiv",
	primaryClass = "hep-th",
	doi = "10.1007/s11005-020-01290-0",
	journal = "Lett. Math. Phys.",
	volume = "110",
	number = "8",
	pages = "2245--2275",
	year = "2020"
}

@article{GRWthf,
    author = "Gwilliam, Owen and Rabinovich, Eugene and Williams, Brian R.",
    title = "{Quantization of topological-holomorphic field theories: local aspects}",
    eprint = "2107.06734",
    archivePrefix = "arXiv",
    primaryClass = "math-ph",
    month = "7",
    year = "2021"
}

@article {DuchampKalka,
    AUTHOR = {Duchamp, T. and Kalka, M.},
     TITLE = {Deformation theory for holomorphic foliations},
   JOURNAL = {J. Differential Geometry},
  FJOURNAL = {Journal of Differential Geometry},
    VOLUME = {14},
      YEAR = {1979},
    NUMBER = {3},
     PAGES = {317--337},
      ISSN = {0022-040X,1945-743X},
   MRCLASS = {57R30 (32G05)},
  MRNUMBER = {594704},
MRREVIEWER = {P.\ Molino},
       URL = {http://projecteuclid.org/euclid.jdg/1214435099},
}

@book {Asuke,
    AUTHOR = {Asuke, Taro},
     TITLE = {Godbillon-{V}ey class of transversely holomorphic foliations},
    SERIES = {MSJ Memoirs},
    VOLUME = {24},
 PUBLISHER = {Mathematical Society of Japan, Tokyo},
      YEAR = {2010},
     PAGES = {xviii+130},
      ISBN = {978-4-931469-61-7},
   MRCLASS = {32S65 (57R32 58H15)},
  MRNUMBER = {2663329},
MRREVIEWER = {Bruno\ A.\ Sc\'{a}rdua},
       DOI = {10.1142/e026},
       URL = {https://doi.org/10.1142/e026},
}

@article {Rawnsley,
    AUTHOR = {Rawnsley, J. H.},
     TITLE = {Flat partial connections and holomorphic structures in
              {$C\sp{\infty }$} vector bundles},
   JOURNAL = {Proc. Amer. Math. Soc.},
  FJOURNAL = {Proceedings of the American Mathematical Society},
    VOLUME = {73},
      YEAR = {1979},
    NUMBER = {3},
     PAGES = {391--397},
      ISSN = {0002-9939,1088-6826},
   MRCLASS = {58A30 (32L10 58F06)},
  MRNUMBER = {518527},
MRREVIEWER = {A.\ Verona},
       DOI = {10.2307/2042370},
       URL = {https://doi.org/10.2307/2042370},
}

@inproceedings {Tamarkin,
    AUTHOR = {Tamarkin, Dimitri},
     TITLE = {Deformations of chiral algebras},
 BOOKTITLE = {Proceedings of the {I}nternational {C}ongress of
              {M}athematicians, {V}ol. {II} ({B}eijing, 2002)},
     PAGES = {105--116},
 PUBLISHER = {Higher Ed. Press, Beijing},
      YEAR = {2002},
      ISBN = {7-04-008690-5},
   MRCLASS = {16S80 (16W35 17B56 17B63 17B69)},
  MRNUMBER = {1957025},
MRREVIEWER = {Alex\ Jay\ Feingold},
}

@article {Bouaziz,
    AUTHOR = {Bouaziz, Emile},
     TITLE = {Tamarkin-{T}sygan calculus and chiral {P}oisson cohomology},
   JOURNAL = {Nagoya Math. J.},
  FJOURNAL = {Nagoya Mathematical Journal},
    VOLUME = {248},
      YEAR = {2022},
     PAGES = {751--765},
      ISSN = {0027-7630,2152-6842},
   MRCLASS = {17B69 (14A22 17B63)},
  MRNUMBER = {4508263},
       DOI = {10.1017/nmj.2022.1},
       URL = {https://doi.org/10.1017/nmj.2022.1},
}

@inbook{Mason,
	author = {Mason, Geoffrey},
	year = {2018},
	month = {01},
	pages = {45-104},
	title = {Vertex rings and their Pierce bundles},
	isbn = {9781470437176},
	journal = {Contemporary Mathematics},
	publisher = {American Mathematical Society},
	doi = {10.1090/conm/711/14303}
}

@article{Li,
	title = {Local systems of vertex operators, vertex superalgebras and modules},
	journal = {Journal of Pure and Applied Algebra},
	volume = {109},
	number = {2},
	pages = {143-195},
	year = {1996},
	issn = {0022-4049},
	doi = {https://doi.org/10.1016/0022-4049(95)00079-8},
	url = {https://www.sciencedirect.com/science/article/pii/0022404995000798},
	author = {Hai-Sheng Li}
}

@incollection{Kac,
	title={Vertex algebras for beginners, Second edition},
	author={Victor Kac},
	booktitle={University Lecture Series},
	volume={10},
	year={1997},
	publisher={American Mathematical Society}
}

@inproceedings{Goddard,
	author = {Goddard, Peter},
	title = {Meromorphic Conformal Field Theory},
	booktitle = {Infinite dimensional Lie algebras and groups : proceedings of the conference held at CIRM, Luminy, Marseille, July 4-8, 1988},
	pages = {556-587},
	publisher = {World Scientific, Singapore},
	year = {1988}
}

@article{FKRW,
	author = "Frenkel, Edward and Kac, Victor and Radul, Andrey and Wang, Wei-Qiang",
	title = {{$\mathcal{W}_{1+\infty}$} and {$\mathcal{W}(gl_N)$} with central charge {$N$}},
	eprint = "hep-th/9405121",
	archivePrefix = "arXiv",
	doi = "10.1007/BF02108332",
	journal = "Commun. Math. Phys.",
	volume = "170",
	pages = "337--358",
	year = "1995"
}

@article{Closset:2012ru,
    author = "Closset, Cyril and Dumitrescu, Thomas T. and Festuccia, Guido and Komargodski, Zohar",
    title = "{Supersymmetric Field Theories on Three-Manifolds}",
    eprint = "1212.3388",
    archivePrefix = "arXiv",
    primaryClass = "hep-th",
    reportNumber = "PUPT-2432, WIS-20-12-DEC-DPPA",
    doi = "10.1007/JHEP05(2013)017",
    journal = "JHEP",
    volume = "05",
    pages = "017",
    year = "2013"
}

@article{Closset:2013vra,
    author = "Closset, Cyril and Dumitrescu, Thomas T. and Festuccia, Guido and Komargodski, Zohar",
    title = "{The Geometry of Supersymmetric Partition Functions}",
    eprint = "1309.5876",
    archivePrefix = "arXiv",
    primaryClass = "hep-th",
    reportNumber = "WIS-09-13-SEP-DPPA",
    doi = "10.1007/JHEP01(2014)124",
    journal = "JHEP",
    volume = "01",
    pages = "124",
    year = "2014"
}

@article{Kamnitzer,
author = {Kamnitzer, Joel},
title = {Symplectic resolutions, symplectic duality, and Coulomb branches},
journal = {Bulletin of the London Mathematical Society},
volume = {54},
number = {5},
pages = {1515-1551},
doi = {https://doi.org/10.1112/blms.12711},
url = {https://londmathsoc.onlinelibrary.wiley.com/doi/abs/10.1112/blms.12711},
eprint = {https://londmathsoc.onlinelibrary.wiley.com/doi/pdf/10.1112/blms.12711},
abstract = {Abstract Symplectic resolutions are an exciting new frontier of research in representation theory. One of the most fascinating aspects of this study is symplectic duality: the observation that these resolutions come in pairs with matching properties. The Coulomb branch construction allows us to produce and study many of these dual pairs. These notes survey much recent work in this area including quantization, categorification, and enumerative geometry. We particularly focus on ADE quiver varieties and affine Grassmannian slices.},
year = {2022}
}

@article {Arnold,
    AUTHOR = {Arnold, V. I.},
     TITLE = {The cohomology ring of the group of dyed braids},
   JOURNAL = {Mat. Zametki},
  FJOURNAL = {Akademiya Nauk SSSR. Matematicheskie Zametki},
    VOLUME = {5},
      YEAR = {1969},
     PAGES = {227--231},
      ISSN = {0025-567X},
   MRCLASS = {57.60},
  MRNUMBER = {242196},
MRREVIEWER = {K.\ Teleman},
}

@article {Totaro,
    AUTHOR = {Totaro, Burt},
     TITLE = {Configuration spaces of algebraic varieties},
   JOURNAL = {Topology},
  FJOURNAL = {Topology. An International Journal of Mathematics},
    VOLUME = {35},
      YEAR = {1996},
    NUMBER = {4},
     PAGES = {1057--1067},
      ISSN = {0040-9383},
   MRCLASS = {57R19 (14F99 55T99)},
  MRNUMBER = {1404924},
MRREVIEWER = {Laurence\ R.\ Taylor},
       DOI = {10.1016/0040-9383(95)00058-5},
       URL = {https://doi.org/10.1016/0040-9383(95)00058-5},
}

@article {LiVertex,
    AUTHOR = {Li, Si},
     TITLE = {Vertex algebras and quantum master equation},
   JOURNAL = {J. Differential Geom.},
  FJOURNAL = {Journal of Differential Geometry},
    VOLUME = {123},
      YEAR = {2023},
    NUMBER = {3},
     PAGES = {461--521},
      ISSN = {0022-040X,1945-743X},
   MRCLASS = {53D50 (17B69 81R15 81T40)},
  MRNUMBER = {4584859},
       DOI = {10.4310/jdg/1683307007},
       URL = {https://doi.org/10.4310/jdg/1683307007},
}

@article {FHK,
    AUTHOR = {Faonte, Giovanni and Hennion, Benjamin and Kapranov, Mikhail},
     TITLE = {Higher {K}ac-{M}oody algebras and moduli spaces of
              {$G$}-bundles},
   JOURNAL = {Adv. Math.},
  FJOURNAL = {Advances in Mathematics},
    VOLUME = {346},
      YEAR = {2019},
     PAGES = {389--466},
      ISSN = {0001-8708,1090-2082},
   MRCLASS = {14D23 (14F08 14L30 18G90 32A27 32C35 53C05)},
  MRNUMBER = {3910800},
MRREVIEWER = {Alexander\ Zimmermann},
       DOI = {10.1016/j.aim.2019.01.040},
       URL = {https://doi.org/10.1016/j.aim.2019.01.040},
}

@book {CG1,
    AUTHOR = {Costello, Kevin and Gwilliam, Owen},
     TITLE = {Factorization algebras in quantum field theory. {V}ol. 1},
    SERIES = {New Mathematical Monographs},
    VOLUME = {31},
 PUBLISHER = {Cambridge University Press, Cambridge},
      YEAR = {2017},
     PAGES = {ix+387},
      ISBN = {978-1-107-16310-2},
   MRCLASS = {81-01 (17B69 18D50 53D55 81R05 81R10)},
  MRNUMBER = {3586504},
MRREVIEWER = {Domenico\ Fiorenza},
       DOI = {10.1017/9781316678626},
       URL = {https://doi.org/10.1017/9781316678626},
}

@article{DumiSeiberg,
    author = "Dumitrescu, Thomas T. and Seiberg, Nathan",
    title = "{Supercurrents and Brane Currents in Diverse Dimensions}",
    eprint = "1106.0031",
    archivePrefix = "arXiv",
    primaryClass = "hep-th",
    reportNumber = "PUPT-2372",
    doi = "10.1007/JHEP07(2011)095",
    journal = "JHEP",
    volume = "07",
    pages = "095",
    year = "2011"
}